@inproceedings{Jansen:2010:RNT:1866307.1866344,
 author = {Jansen, Rob and Hopper, Nicholas and Kim, Yongdae},
 title = {Recruiting new tor relays with BRAIDS},
 booktitle = {Proceedings of the 17th ACM conference on Computer and communications security},
 series = {CCS '10},
 year = {2010},
 isbn = {978-1-4503-0245-6},
 location = {Chicago, Illinois, USA},
 pages = {319--328},
 numpages = {10},
 url = {http://doi.acm.org/10.1145/1866307.1866344},
 doi = {10.1145/1866307.1866344},
 acmid = {1866344},
 publisher = {ACM},
 address = {New York, NY, USA},
 keywords = {anonymous communication, peer-to-peer networks},
}

@inproceedings{lira-ndss13,
  author = {Rob Jansen and Aaron Johnson and Paul Syverson},
  title = {{LIRA}: Lightweight Incentivized Routing for Anonymity},
  booktitle = {Proceedings of the 20th Annual Network and Distributed System Security Symposium (NDSS '13)},
  year = 2013,
  publisher = {Internet Society}
}

@conference{tor-internet-days,
    author  = "Dingledine, R.",
    title   = "Tor and circumvention: Lesson learned",
    booktitle = "26C3",
    publisher = "The Tor Project",
    howpublished = "\url{https://media.torproject.org/video/tor-internet-days-2010.mp4}",
    year    = 2010
}

@conference{china-rights,
    author  = "Dingledine, R.",
    title   = "Ten Things to Look for in Tools that Circumvent Internet Censorship",
    booktitle = "China Rights Forum",
    publisher = "Human Rights in China",
    howpublished = "\url{http://www.hrichina.org/crf/article/3255}",
    year    = 2010
}

@inproceedings{"Johnny"Ngan:2010:BIT:2163571.2163590,
 author = {``Johnny'' Ngan, Tsuen-Wan and Dingledine, Roger and Wallach, Dan S.},
 title = {Building incentives into tor},
 booktitle = {Proceedings of the 14th international conference on Financial Cryptography and Data Security},
 series = {FC'10},
 year = {2010},
 isbn = {3-642-14576-0, 978-3-642-14576-6},
 location = {Tenerife, Spain},
 pages = {238--256},
 numpages = {19},
 url = {http://dx.doi.org/10.1007/978-3-642-14577-3_19},
 doi = {10.1007/978-3-642-14577-3_19},
 acmid = {2163590},
 publisher = {Springer-Verlag},
 address = {Berlin, Heidelberg},
} 

@inproceedings{raykova-pet2008,
  title = {PAR: Payment for Anonymous Routing}, 
  author = {Elli Androulaki and Mariana Raykova and Shreyas Srivatsan and Angelos Stavrou
        and Steven M. Bellovin}, 
  booktitle = {Proceedings of the Eighth International Symposium on Privacy Enhancing
        Technologies (PETS 2008)}, 
  year = {2008}, 
  month = {July}, 
  location = {Leuven, Belgium}, 
  pages = {219--236}, 
  editor = {Nikita Borisov and Ian Goldberg}, 
  publisher = {Springer}, 
  www_tags = {selected}, 
  bookurl = {http://petsymposium.org/2008/}, 
  www_pdf_url = {http://cs.gmu.edu/~astavrou/research/Par_PET_2008.pdf}, 
  www_section = {Anonymous communication}, 
}

@misc{eff-campaign,
  author = {Electronic Frontier Foundation},
  title = {{EFF Tor Challenge}},
  howpublished = "\url{https://www.eff.org/torchallenge}",
  year = {2011}, 
  note = "[Online; accessed 30-August-2013]"
}


@misc{data-retention,
  author = {Patrick Breyer},
  title = {{No data retention for donated services}},
  howpublished = "\url{http://archives.seul.org/or/talk/Dec-2008/msg00061.html}",
  year = {2008},
  note = "[Online; accessed 30-August-2013]"

}
@misc{better-anon-tor-relay,
  author = {Tor Project},
  title = {{Better anonymity with a Tor relay?}},
  howpublished = "\url{https://trac.torproject.org/projects/tor/wiki/doc/TorFAQ#DoIgetbetteranonymityifIrunarelay}",
  year = {2013}, 
  note = "[Online; accessed 30-August-2013]"
}



@article{Hardin_1968_Commons,
  abstract = {"The Tragedy of the Commons" is an influential article written by Garrett Hardin and first published in the journal Science in 1968. The article describes a dilemma in which multiple individuals acting independently in their own self-interest can ultimately destroy a shared resource even where it is clear that it is not in anyone's long term interest for this to happen.},
  added-at = {2009-01-28T10:22:22.000+0100},
  author = {Hardin, Garrett},
  biburl = {http://www.bibsonomy.org/bibtex/2c1ca2314a6bf46f5a90da740c771ffbe/acka47},
  interhash = {d18cc3af4caec724c01004838a2cab93},
  intrahash = {c1ca2314a6bf46f5a90da740c771ffbe},
  journal = {Science},
  keywords = {commons tragedy},
  month = {December},
  pages = {1243--1248},
  timestamp = {2009-01-28T10:22:22.000+0100},
  title = {The Tragedy of the Commons},
  url = {http://www.sciencemag.org/cgi/reprint/162/3859/1243.pdf},
  volume = 162,
  year = 1968
}

@inproceedings{usability:weis2006,
  title = {Anonymity Loves Company: Usability and the Network Effect}, 
  author = {Roger Dingledine and Nick Mathewson}, 
  booktitle = {Proceedings of the Fifth Workshop on the Economics of Information Security
        (WEIS 2006)}, 
  year = {2006}, 
  month = {June}, 
  location = {Cambridge, UK}, 
  editor = {Ross Anderson}, 
  www_section = {Economics}, 
  bookurl = {http://weis2006.econinfosec.org/}, 
  www_pdf_url = {http://freehaven.net/doc/wupss04/usability.pdf}, 
  www_tags = {selected}, 
}

@article{china-censorship,
year={2008},
issn={0048-5829},
journal={Public Choice},
volume={134},
number={1-2},
doi={10.1007/s11127-007-9199-0},
title={Flatter world and thicker walls? Blogs, censorship andÂ civic discourse in China},
url={http://dx.doi.org/10.1007/s11127-007-9199-0},
publisher={Springer US},
keywords={China; Internet; Democracy; Blogs},
author={MacKinnon, Rebecca},
pages={31-46},
language={English}
}
